%% LaTeX2e file `report.bib'
%% generated by the `filecontents' environment
%% from source `report' on 2017/06/16.
%%
  @MISC\{IMM2011-06010,
      author       = "F. {\AA}. Nielsen",
      title        = "AFINN",
      year         = "2011",
      month        = "mar",
      keywords     = "word list, sentiment analysis, opinion mining, text mining",
      publisher    = "Informatics and Mathematical Modelling, Technical University of Denmark",
      address      = "Richard Petersens Plads, Building 321, {DK-}2800 Kgs. Lyngby",
      url          = "http://www2.imm.dtu.dk/pubdb/p.php?6010",
  },
  @book{Russell2009,
   author = {Russell, Stuart and Norvig, Peter},
   title = {Artificial Intelligence: A Modern Approach},
   year = {2009},
   isbn = {0136042597, 9780136042594},
   edition = {3rd},
   publisher = {Prentice Hall Press},
   address = {Upper Saddle River, NJ, USA},
  },
  @incollection{Rumelhart1988,
   author = {Rumelhart, David E. and Hinton, Geoffrey E. and Williams, Ronald J.},
   chapter = {Learning Representations by Back-propagating Errors},
   title = {Neurocomputing: Foundations of Research},
   editor = {Anderson, James A. and Rosenfeld, Edward},
   year = {1988},
   isbn = {0-262-01097-6},
   pages = {696--699},
   numpages = {4},
   url = {http://dl.acm.org/citation.cfm?id=65669.104451},
   acmid = {104451},
   publisher = {MIT Press},
   address = {Cambridge, MA, USA},
  },
  @article{COX2005,
    title = "Metacognition in computation: A selected research review",
    journal = "Artificial Intelligence",
    volume = "169",
    number = "2",
    pages = "104 - 141",
    year = "2005",
    note = "Special Review Issue",
    issn = "0004-3702",
    doi = "http://dx.doi.org/10.1016/j.artint.2005.10.009",
    url = "http://www.sciencedirect.com/science/article/pii/S0004370205001530",
    author = "Michael T. Cox"
  },
  @book{NILSSON2009,
    author = "Nils J. Nilsson",
    title = "The quest for artificial intelligence - A history of ideas and achievements",
    year = "2009",
    publisher = "Cambridge University Press"
  },
  @inproceedings{PangLee2005,
    author = {Bo Pang and Lillian Lee},
    title = {Seeing stars: Exploiting class relationships for sentiment categorization with respect to rating scales},
    year = {2005},
    pages = {115--124},
    booktitle = {Proceedings of ACL}
  },
  @article{PangLee2008,
    author = {Bo Pang and Lillian Lee},
    title = "Opinion mining and sentiment analysis",
    year = "2008",
    journal = "Foundations and Trends in Information Retrieval",
    volume = 2,
    pages = {1-135}
  }
  @book{BKL2009,
    added-at = {2016-12-06T16:29:36.000+0100},
    address = {Beijing},
    author = {Bird, Steven and Klein, Ewan and Loper, Edward},
    biburl = {https://www.bibsonomy.org/bibtex/2c90dc59441d01c8bef58a947274164d4/flint63},
    doi = {http://my.safaribooksonline.com/9780596516499},
    file = {O'Reilly eBook:2009/BirdKleinLoper09.pdf:PDF;O'Reilly Product page:http\://shop.oreilly.com/product/9780596516499.do:URL;Related Web Site:http\://www.nltk.org/:URL},
    groups = {public},
    interhash = {5408d7da097b9cd81239c238da8bfaf4},
    intrahash = {c90dc59441d01c8bef58a947274164d4},
    isbn = {978-0-596-51649-9},
    keywords = {01624 103 safari book ai software development language processing text python framework},
    publisher = {O'Reilly},
    timestamp = {2016-12-06T16:29:36.000+0100},
    title = {Natural Language Processing with Python: Analyzing Text with the Natural Language Toolkit},
    url = {http://www.nltk.org/book},
    username = {flint63},
    year = 2009
  },
  @MISC{Gers2001,
      author = {Felix Gers},
      title = {Long Short-Term Memory in Recurrent Neural Networks},
      year = {2001}
  },
  @article{Hochreiter1997,
    author = {Hochreiter, Sepp and Schmidhuber, J\"{u}rgen},
    title = {Long Short-Term Memory},
    journal = {Neural Comput.},
    issue_date = {November 15, 1997},
    volume = {9},
    number = {8},
    month = nov,
    year = {1997},
    issn = {0899-7667},
    pages = {1735--1780},
    numpages = {46},
    url = {http://dx.doi.org/10.1162/neco.1997.9.8.1735},
    doi = {10.1162/neco.1997.9.8.1735},
    acmid = {1246450},
    publisher = {MIT Press},
    address = {Cambridge, MA, USA},
  },
  @book{Jurafsky2000,
   author = {Jurafsky, Daniel and Martin, James H.},
   title = {Speech and Language Processing: An Introduction to Natural Language Processing, Computational Linguistics, and Speech Recognition},
   year = {2000},
   isbn = {0130950696},
   edition = {1st},
   publisher = {Prentice Hall PTR},
   address = {Upper Saddle River, NJ, USA},
  },
  @article{Chai2014,
     author = {Chai, T. and {Draxler}, R.~R.},
      title = "{Root mean square error (RMSE) or mean absolute error (MAE)? - Arguments against avoiding RMSE in the literature}",
    journal = {Geoscientific Model Development},
       year = 2014,
      month = jun,
     volume = 7,
      pages = {1247-1250},
        doi = {10.5194/gmd-7-1247-2014},
     adsurl = {http://adsabs.harvard.edu/abs/2014GMD.....7.1247C},
    adsnote = {Provided by the SAO/NASA Astrophysics Data System}
  }.
  @book{chomsky2002,
    title={Syntactic Structures},
    author={Chomsky, N.},
    isbn={9783110172799},
    lccn={2002043087},
    series={Mouton classic},
    url={https://books.google.dk/books?id=a6a\_b-CXYAkC},
    year={2002},
    publisher={Bod Third Party Titles}
  },
  @ARTICLE{Ekman92,
    author = {Paul Ekman},
    title = {An argument for basic emotions},
    journal = {Cognition and Emotion},
    year = {1992},
    pages = {169--200}
  },
  @book{Agresti2008,
    author = {Agresti, Alan and Finlay, Barbara},
    citeulike-article-id = {5485960},
    day = {07},
    edition = {4},
    howpublished = {Hardcover},
    isbn = {0130272957},
    keywords = {methodology, quantitative, statistics},
    month = jan,
    posted-at = {2009-08-19 11:15:48},
    priority = {2},
    publisher = {Prentice Hall},
    title = {{Statistical Methods for the Social Sciences (4th Edition)}},
    url = {http://www.amazon.com/exec/obidos/redirect?tag=citeulike07-20\&path=ASIN/0130272957},
    year = {2008}
  },
  @article{Schmidhuber2015,
    title = "Deep learning in neural networks: An overview ",
    journal = "Neural Networks ",
    volume = "61",
    number = "",
    pages = "85 - 117",
    year = "2015",
    note = "",
    issn = "0893-6080",
    doi = "https://doi.org/10.1016/j.neunet.2014.09.003",
    url = "http://www.sciencedirect.com/science/article/pii/S0893608014002135",
    author = "JÃ¼rgen Schmidhuber",
    keywords = "Deep learning",
    keywords = "Supervised learning",
    keywords = "Unsupervised learning",
    keywords = "Reinforcement learning",
    keywords = "Evolutionary computation "
  }.
  @other{Tieleman2012,
    author = {Tieleman, Tijmen and Hinton, Geoffrey},
    title = "Lecture 6.5-rmsprop: Divide the gradient by a running average of its recent magnitude",
    publisher = "Coursera: Neural Networks for Machine Learning",
    year = 2012,
  }
